@ARTICLE{ArtMain_Egorov,
    AUTHOR="Егоров, В.Н. and Егоров, А.В.",
    TITLE="Группы автоморфизмов и изоморфизм комбинаторных объектов и
алгебраических структур",
    JOURNAL="Ломоносовские
чтения, Научная конференция, Москва, факультет ВМК МГУ имени
М.В.Ломоносова",
	LANGUAGE="russian",
	YEAR="2016"
}
